<?xml version="1.0" encoding="UTF-8"?><collection xmlns="http://www.loc.gov/MARC21/slim"><record><leader>00509nam--2200193-i-4500</leader><controlfield tag="001">000018441</controlfield><controlfield tag="002">20161230</controlfield><controlfield tag="005">20161230201032</controlfield><controlfield tag="008">060222s1000------------r-----000-0-rus-d</controlfield><datafield ind1=" " ind2=" " tag="040"><subfield code="a">IFIN-HH</subfield></datafield><datafield ind1=" " ind2=" " tag="041"><subfield code="a">rus</subfield></datafield><datafield ind1=" " ind2=" " tag="080"><subfield code="a">539.14</subfield></datafield><datafield ind1="1" ind2=" " tag="100"><subfield code="a">Begjanov, R.B</subfield></datafield><datafield ind1="1" ind2="0" tag="245"><subfield code="a">Vozbujdennie sostoiania iader</subfield><subfield code="c">R.b. begjanov, d.a. gladisev, a.a. islamov, s.l. rakovitkii</subfield></datafield><datafield ind1=" " ind2=" " tag="260"><subfield code="a">Taskent</subfield><subfield code="b">Fan</subfield><subfield code="c">1967</subfield></datafield><datafield ind1=" " ind2=" " tag="300"><subfield code="a">280P</subfield></datafield><datafield ind1="1" ind2=" " tag="700"><subfield code="a">Rakovitkii, S.L</subfield></datafield><datafield ind1=" " ind2=" " tag="852"><subfield code="a">29691</subfield><subfield code="c">539.14</subfield></datafield><datafield ind1=" " ind2=" " tag="CAT"><subfield code="a">Sys</subfield><subfield code="c">20120327</subfield><subfield code="h">120002</subfield></datafield></record></collection>